%==================================================================
% Ini adalah daftar referensi dalam format bib, bisa digenerate dengan
% software mendeley atau zotero
%==================================================================

%% Edit sesuai kebutuhan
@inproceedings{Arifin_2015,
  author={Arifin, Fatchul and Nasuha, Aris and Hermawan, Hardika Dwi},
  booktitle={2015 International Conference on Information Technology Systems and Innovation (ICITSI)}, 
  title={Lip reading based on background subtraction and image projection}, 
  year={2015},
  volume={},
  number={},
  pages={1-3},
  doi={10.1109/ICITSI.2015.7437727}}

@article{Marpanaji_2019,
  doi = {10.1088/1742-6596/1413/1/012013},
  url = {https://dx.doi.org/10.1088/1742-6596/1413/1/012013},
  year = {2019},
  month = {nov},
  publisher = {IOP Publishing},
  volume = {1413},
  number = {1},
  pages = {012013},
  author = {E Marpanaji and K T Yuwono and M I Mahali and P T Aji and N A B Nugraha},
  title = {Experimental Study of Measuring Radiation Patterns for VHF and UHF Antennas},
  journal = {Journal of Physics: Conference Series},
  abstract = {This paper discusses the experiment of measuring antenna radiation patterns using hardware and software that has been made previously. The antenna measured is the Half Wave Open Dipole antenna that works at VHF frequencies as Antenna Under Testing (AUT). The hardware used is Module-1 and Module-2 which have previously been tested for functionality, and the software is the Antenna Radiation Pattern application that is created using the Visual Basic programming language in the Microsoft Visual Studio package. Radiation pattern measurement experiments were carried out under various conditions, namely (1) without RF signals; (2) with RF signal and the position of the transmitting antenna is 0o with AUT; (3) with the RF signal and the position of the transmitting antenna at an angle of 90o to AUT; and (4) simulation of electromagnetic wave interference when making measurements. Based on the results of experiments conducted, it can be concluded that the Antenna Radiation Pattern application has functioned well and can describe the AUT radiation pattern. Future work of this research is the measurement of radiation patterns for other types of antennas and refinement of applications for the measurement of various antenna parameters.}
}

@inproceedings{Pratama_2019,
  author={Gunawan, Syaiful A. and Pratama, Gilang N. P. and Cahyadi, Adha I. and Winduratna, Bondhan and Yuwono, Yohannes C. H. and Wahyunggoro, Oyas},
  booktitle={2019 International Conference on Information and Communications Technology (ICOIACT)}, 
  title={Smoothed A-star Algorithm for Nonholonomic Mobile Robot Path Planning}, 
  year={2019},
  volume={},
  number={},
  pages={654-658},
  doi={10.1109/ICOIACT46704.2019.8938467}
}

@inproceedings{Pratama_2017,
  author={Mansur, Syaiful and Habib, Muhammad and Pratama, Gilang Nugraha Putu and Cahyadi, Adha Imam and Ardiyanto, Igi},
  booktitle={2017 3rd International Conference on Science and Technology - Computer (ICST)}, 
  title={Real time monocular visual odometry using Optical Flow: Study on navigation of quadrotors UAV}, 
  year={2017},
  volume={},
  number={},
  pages={122-126},
  doi={10.1109/ICSTC.2017.8011864}
}

@book{Ogata_1987,
  added-at = {2008-03-02T02:12:02.000+0100},
  address = {Australia, Sydney},
  author = {Ogata, Katsuhiko},
  biburl = {https://www.bibsonomy.org/bibtex/2000f8d4b6dd11c67f9d081e157be188c/dmartins},
  description = {robotica-bib},
  interhash = {aa70e036a3be3cc50271e189b325a668},
  intrahash = {000f8d4b6dd11c67f9d081e157be188c},
  keywords = {imported},
  notes = {Reference for discrete time control systems. Not as widely cited as
	Ogata-1990a. Very useful for robotics as most modern control systems
	are digital and should be treated as such},
  publisher = {Prentice Hall},
  qualaty = {good},
  timestamp = {2008-03-02T02:13:53.000+0100},
  title = {Discrete-Time Control Systems},
  year = {1987}
}

@article{ashari2021desain,
  title={Desain Pengembangan Produk Robot Terbang Tanpa Awak dengan Metode QFD (Quality Function Deployment)},
  author={Ashari, Faisal and Achmadi, Fuad},
  journal={Jurnal SENOPATI: Sustainability, Ergonomics, Optimization, and Application of Industrial Engineering},
  volume={2},
  number={2},
  pages={66--73},
  year={2021}
}

@article{abbiyansyah2022navigasi,
	title={Navigasi Halang Rintang Quadcopter Tanpa Awak menggunakan RPLIDAR dan Algoritma Bug2 berbasis Raspberry Pi},
	author={Abbiyansyah, Mochammad Zava and Setiawan, Eko and Budi, Agung Setia},
	journal={Jurnal Pengembangan Teknologi Informasi dan Ilmu Komputer},
	volume={6},
	number={11},
	pages={5413--5421},
	year={2022}
}

@inproceedings{suprapto2017design,
	title={Design and development of heavy-lift hexacopter for heavy payload},
	author={Suprapto, Bhakti Yudho and Heryanto, M Ary and Suprijono, Herwin and Muliadi, Jemie and Kusumoputro, Benyamin},
	booktitle={2017 International Seminar on Application for Technology of Information and Communication (iSemantic)},
	pages={242--247},
	year={2017},
	organization={IEEE}
}

@article{d2012unmanned,
	title={Unmanned aerial vehicle (UAV) for monitoring soil erosion in Morocco},
	author={d'Oleire-Oltmanns, Sebastian and Marzolff, Irene and Peter, Klaus Daniel and Ries, Johannes B},
	journal={Remote sensing},
	volume={4},
	number={11},
	pages={3390--3416},
	year={2012},
	publisher={Molecular Diversity Preservation International}
}

@inproceedings{belloni2008mini,
	title={A mini UAV for security environmental monitoring and surveillance: Telemetry data analysis},
	author={Belloni, G and Feroli, M and Ficola, Antonio and Pagnottelli, Stefano and Valigi, Paolo and others},
	booktitle={Workshop Proceedings of SIMPAR 2008},
	pages={426--433},
	year={2008}
}

@article{wahyudinjurusan,
	title={JURUSAN TEKNIK ELEKTRO FAKULTAS TEKNIK UNIVERSITAS SRIWIJAYA},
	author={WAHYUDIN, A}
}

@article{mulyawan2011identifikasi,
	title={Identifikasi dan Tracking Objek Berbasis Image Processing secara Real Time},
	author={Mulyawan, Hendy},
	journal={EEPIS Final Project},
	year={2011},
	publisher={EEPIS}
}

@inproceedings{prakash2016autonomous,
	title={Autonomous robust helipad detection algorithm using computer vision},
	author={Prakash, R Om and Saravanan, Chandran},
	booktitle={2016 International Conference on Electrical, Electronics, and Optimization Techniques (ICEEOT)},
	pages={2599--2604},
	year={2016},
	organization={IEEE}
}

@article{mulyawan2011identifikasi,
	title={Identifikasi dan Tracking Objek Berbasis Image Processing secara Real Time},
	author={Mulyawan, Hendy},
	journal={EEPIS Final Project},
	year={2011},
	publisher={EEPIS}
}

@inproceedings{cesetti2009vision,
	title={Vision-based autonomous navigation and landing of an unmanned aerial vehicle using natural landmarks},
	author={Cesetti, Andrea and Frontoni, Emanuele and Mancini, Adriano and Zingaretti, Primo and Longhi, Sauro},
	booktitle={2009 17th Mediterranean Conference on Control and Automation},
	pages={910--915},
	year={2009},
	organization={IEEE}
}

@inproceedings{nsogo2007robust,
	title={Robust helipad detection algorithm (January 2007)},
	author={Nsogo, Gabriel Frederic and Kith, K and Van Wyk, BJ and Van Wyk, MA},
	booktitle={AFRICON 2007},
	pages={1--7},
	year={2007},
	organization={IEEE}
}

@inproceedings{lee2012implementation,
	title={Implementation of vision-based real time helipad detection system},
	author={Lee, Sewon and Jang, Jin-won and Baek, Kwang-Ryul},
	booktitle={2012 12th International Conference on Control, Automation and Systems},
	pages={191--194},
	year={2012},
	organization={IEEE}
}

@article{hossain2019deep,
	title={Deep learning-based real-time multiple-object detection and tracking from aerial imagery via a flying robot with GPU-based embedded devices},
	author={Hossain, Sabir and Lee, Deok-jin},
	journal={Sensors},
	volume={19},
	number={15},
	pages={3371},
	year={2019},
	publisher={MDPI}
}

@article{afifahrancang,
	title={RANCANG BANGUN DAN IMPLEMENTASI KENDALI QUADCOPTER MELALUI JARINGAN INTERNET BERBASIS LOKASI DAN PENGENALAN MARKER MENGGUNAKAN SMARTPHONE ANDROID},
	author={Afifah, Nur and Supriyanto, Hadi and Budiyarto, Aris}
}

@article{tohari2014fungsi,
	title={Fungsi Transmitter Pada Simulator Sistem Peringatan Dini Pengendalian Banjir Dengan Electronic Data Proses},
	author={Tohari, Tohari},
	journal={Power Elektronik: Jurnal Orang Elektro},
	volume={3},
	number={2},
	year={2014}
}

@article{widyanto2019sistem,
	title={Sistem Telekomunikasi Nirkabel Pada Teknologi Pemantauan Untuk Budidaya Laut Di Wakatobi},
	author={Widyanto, Salasi Wasis},
	journal={Prosiding SENIATI},
	volume={5},
	number={3},
	pages={270--276},
	year={2019}
}

@article{hanif2023pengaruh,
	title={Pengaruh Penambahan Nanopartikel Hasil Sintesis Arc Discharge Terhadap Performa Baterai Lithium Ion},
	author={Hanif, Khilalul},
	year={2023},
	publisher={UNS (Sebelas Maret University)}
}

@book{quan2020multicopter,
	title={Multicopter design and control practice: a series experiments based on MATLAB and Pixhawk},
	author={Quan, Quan and Dai, Xunhua and Wang, Shuai},
	year={2020},
	publisher={Springer Nature}
}

@article{irawan2020kontrol,
	title={Kontrol motor brushless dc (bldc) berbasis algoritma ai-pid},
	author={Irawan, Denny and SS, Pressa Perdana},
	journal={Jurnal Teknik Elektro dan Komputasi (ELKOM)},
	volume={2},
	number={1},
	pages={41--48},
	year={2020}
}

@article{pranita2023kontrol,
	title={Kontrol Jembatan Otomatis Menggunakan Sensor Ultrasonik Berbasis Arduino},
	author={Pranita, Elka},
	journal={Electrician: Jurnal Rekayasa dan Teknologi Elektro},
	volume={17},
	number={3},
	pages={332--341},
	year={2023}
}

@inproceedings{aziz2021studi,
	title={STUDI EKSPERIMEN PENGARUH KECEPATAN ANGIN DAN SUDUT SERANG PADA PANGKAL SUDU TURBIN ANGIN PROPELLER PIPA PVC DENGAN UJUNG BENGKOK MENGGUNAKAN 3 (TIGA) SUDU DAN 4 (EMPAT) SUDU},
	author={Aziz, Isyroqi Luthfan and Wahyudi, Bagus},
	booktitle={Seminar Nasional Rekayasa Teknologi Manufaktur},
	volume={1},
	pages={68--73},
	year={2021}
}

@phdthesis{sirajuddin2023kendali,
	title={KENDALI JARAK JAUH BERBASIS TELEMETRI RFD 900X},
	author={Sirajuddin, Akka Rafif},
	year={2023},
	school={Universitas Islam Sultan Agung}
}

@article{wu2024enterprise,
	title={Enterprise Digital Intelligent Remote Control System Based on Industrial Internet of Things},
	author={Wu, Binbin and Shi, Chenxi and Jiang, Wei and Qian, Kun and others},
	year={2024}
}

@phdthesis{airlangga2023perencanaan,
	title={PERENCANAAN SISTEM GERAK QUADCOPTER SEBAGAI ALAT PEMANTAU KAWASAN LINGKUNGAN BENCANA UNTUK FIELD TRIAGE KORBAN BENCANA},
	author={Airlangga, Muhammad Yuda Pratama},
	year={2023},
	school={INSTITUT TEKNOLOGI MALANG}
}

@article{syaddad2020perancangan,
	title={Perancangan Sistem Keamanan Sepeda Motor Menggunakan Gps Tracker Berbasis Mikrokontroler Pada Kendaraan Bermotor},
	author={Syaddad, Hasbu Naim},
	journal={Media J. Inform},
	volume={11},
	number={2},
	pages={26},
	year={2020}
}

@inproceedings{fauyan2023perancangan,
	title={Perancangan dan Optimasi Sistem Kendali PID Pada Drone FPV Dengan Menggunakan Betaflight Untuk Manuver Terbang},
	author={Fauyan, Dzulqais Ahmad Alif and Sonalitha, Elta and Romadhon, Rifki Hari},
	booktitle={Seminar Nasional Teknologi Industri},
	volume={1},
	number={1},
	pages={195--209},
	year={2023}
}

@article{dipura2024teknologi,
	title={Teknologi Komputer Vision dalam Kamera Pengawas},
	author={Dipura, Ghalih Putra Arya and Amanda, Fricilia and Firmansyah, Muhammad Rafli and Rizky, Mochamad Raflyka and Jamal, Muhammad Naufal Kasyfa},
	journal={Karimah Tauhid},
	volume={3},
	number={3},
	pages={3754--3760},
	year={2024}
}

@article{diwan2023object,
	title={Object detection using YOLO: Challenges, architectural successors, datasets and applications},
	author={Diwan, Tausif and Anirudh, G and Tembhurne, Jitendra V},
	journal={multimedia Tools and Applications},
	volume={82},
	number={6},
	pages={9243--9275},
	year={2023},
	publisher={Springer}
}

@phdthesis{jauharin2015pengolahan,
	title={PENGOLAHAN CITRA PENGENALAN TANAMAN OBAT BERDASARKAN BENTUK DAUN MENGGUNAKAN METODE LEARNING VEKTOR QUANTIZATION},
	author={JAUHARIN, GISKA HIDAYANTI},
	year={2015},
	school={Universitas Muhammadiyah Gresik}
}

@article{leal2021design,
	title={Design, simulation, analysis and optimization of PID and fuzzy based control systems for a quadcopter},
	author={Leal, Isaac S and Abeykoon, Chamil and Perera, Yasith S},
	journal={Electronics},
	volume={10},
	number={18},
	pages={2218},
	year={2021},
	publisher={MDPI}
}

@article{ratna2020pengolahan,
	title={Pengolahan citra digital dan histogram dengan phyton dan text editor phycharm},
	author={Ratna, Silvia},
	journal={Technologia: Jurnal Ilmiah},
	volume={11},
	number={3},
	pages={181--186},
	year={2020}
}

@article{kurniawan2022pengembangan,
	title={Pengembangan Prototipe Kapal Tanpa Awak Untuk Pemantauan Daerah Perairan Berbasis Ardupilot},
	author={Kurniawan, Didit and Santyadiputra, Gede Saindra and Pradnyana, Gede Aditra},
	journal={KARMAPATI (Kumpulan Artikel Mahasiswa Pendidikan Teknik Informatika)},
	volume={11},
	number={2},
	pages={173--182},
	year={2022}
}

@article{satriawan2023model,
	title={Model Penelitian Pengembangan ADDIE},
	author={Satriawan, Nofry},
	journal={Artikel https://ranahresearch. com/model-penelitian-pengembangan-addie},
	year={2023}
}

@article{nazilly2020implementasi,
	title={Implementasi Algoritma Yolo (You Only Look Once) Untuk Deteksi Api},
	author={Nazilly, Mada Lazuardi and Rahmat, Basuki and Puspaningrum, Eva Yulia},
	journal={J. Inform. dan Sist. Inf},
	volume={1},
	number={1},
	pages={81--91},
	year={2020}
}

@article{priansyah2016single,
	title={Single Axis Quadcopter using Proportional Integral Derivative (PID) based Labview},
	author={Priansyah, Rivaldi},
	journal={Telekontran: Jurnal Ilmiah Telekomunikasi, Kendali dan Elektronika Terapan},
	volume={4},
	number={2},
	pages={47--58},
	year={2016}
}

@article{okpatrioka2023research,
	title={Research and development (R\&D) penelitian yang inovatif dalam pendidikan},
	author={Okpatrioka, Okpatrioka},
	journal={Dharma Acariya Nusantara: Jurnal Pendidikan, Bahasa dan Budaya},
	volume={1},
	number={1},
	pages={86--100},
	year={2023}
}
%% Edit sesuai kebutuhan